<?xml version="1.0" encoding="UTF-8"?><collection xmlns="http://www.loc.gov/MARC21/slim"><record><leader>00567nam--2200205-i-4500</leader><controlfield tag="001">000005931</controlfield><controlfield tag="002">20161230</controlfield><controlfield tag="005">20161230201026</controlfield><controlfield tag="008">060222s1000------------r-----000-0-rum-d</controlfield><datafield ind1=" " ind2=" " tag="040"><subfield code="a">IFIN-HH</subfield></datafield><datafield ind1=" " ind2=" " tag="041"><subfield code="a">rum</subfield></datafield><datafield ind1=" " ind2=" " tag="080"><subfield code="a">621.039.8:54.02:66</subfield></datafield><datafield ind1="1" ind2=" " tag="100"><subfield code="a">Chiotan, C</subfield></datafield><datafield ind1="1" ind2="0" tag="245"><subfield code="a">Izotopii radioactivi si radiatiile nucleare in industria chimica</subfield><subfield code="c">C. chiotan, a. busila, g. fodor</subfield></datafield><datafield ind1=" " ind2=" " tag="260"><subfield code="a">Bucuresti</subfield><subfield code="b">Editura Tehnica</subfield><subfield code="c">1962</subfield></datafield><datafield ind1=" " ind2=" " tag="300"><subfield code="a">205 P</subfield></datafield><datafield ind1=" " ind2=" " tag="490"><subfield code="a">Colectia Tehnica Noua</subfield></datafield><datafield ind1="1" ind2=" " tag="700"><subfield code="a">Fodor, G</subfield></datafield><datafield ind1=" " ind2=" " tag="852"><subfield code="a">8249</subfield><subfield code="c">H.H</subfield></datafield><datafield ind1=" " ind2=" " tag="CAT"><subfield code="a">Sys</subfield><subfield code="c">20130327</subfield><subfield code="h">133936</subfield></datafield></record></collection>